-
:20:ESTADO DE CUENTA
:25:CR88010200009342364982
:28C:20545
:60F:C260401USD53926,20
:61:2604010401D367,00NTRF406471624
:86:TEF A : 952432326             
:62F:C260401USD53559,20
:64:C260401USD53559,20
-
:20:ESTADO DE CUENTA
:25:CR88010200009342364982
:28C:20546
:60F:C260402USD53559,20
:61:2604020402D1500,00NTRF406822282
:86:TEF A : 905322608             
:62F:C260402USD52059,20
:64:C260402USD52059,20
-
:20:ESTADO DE CUENTA
:25:CR88010200009342364982
:28C:20547
:60F:C260403USD52059,20
:61:2604030403D500,00NTRF406401607
:86:TEF A : 958410987             
:62F:C260403USD51559,20
:64:C260403USD51559,20
-
:20:ESTADO DE CUENTA
:25:CR88010200009342364982
:28C:20550
:60F:C260406USD51559,20
:61:2604060406D500,00NTRF406410859
:86:TEF A : 958410987             
:61:2604060406D500,00NTRF406450464
:86:TEF A : 958410987             
:61:2604060406D500,00NTRF983508858
:86:INVERSION A: Inversiˇn en Fond
:62F:C260406USD50059,20
:64:C260406USD50059,20
-
:20:ESTADO DE CUENTA
:25:CR88010200009342364982
:28C:20551
:60F:C260407USD50059,20
:61:2604070407D500,00NTRF406477119
:86:TEF A : 958410987             
:62F:C260407USD49559,20
:64:C260407USD49559,20
-
:20:ESTADO DE CUENTA
:25:CR88010200009342364982
:28C:20552
:60F:C260408USD49559,20
:61:2604080408D742,00NTRF406401719
:86:TEF A : 952432326             
:62F:C260408USD48817,20
:64:C260408USD48817,20
-
:20:ESTADO DE CUENTA
:25:CR88010200009342364982
:28C:20554
:60F:C260410USD48817,20
:61:2604100410D500,00NTRF406481430
:86:TEF A : 952432326             
:61:2604100410C1846,16NTRF11320525
:86:Invoice Telescoped 23-03 al 03
:62F:C260410USD50163,36
:64:C260410USD50163,36
-
:20:ESTADO DE CUENTA
:25:CR88010200009342364982
:28C:20555
:60F:C260411USD50163,36
:61:2604110411D500,00NTRF406445354
:86:TEF A : 958410987             
:62F:C260411USD49663,36
:64:C260411USD49663,36
-
:20:ESTADO DE CUENTA
:25:CR88010200009342364982
:28C:20557
:60F:C260413USD49663,36
:61:2604130413D500,00NTRF406408326
:86:TEF A : 958410987             
:62F:C260413USD49163,36
:64:C260413USD49163,36
